@book{cavalcanti2018,
  title={Comunica{\c{c}}{\~a}o M{\'o}vel Celular},
  author={Cavalcanti, F.},
  isbn={9788535280425},
  year={2018},
  publisher={ELSEVIER}
}

@Misc{rstudio2012,
  Title                    = {{RStudio: Integrated development environment for R (Version 0.96.122)}},
  howpublished             = {\url{http://www.rstudio.org/}}
}


@Misc{gnu,
  Title                    = {{GNU Radio (2015)}},
  howpublished             = {\url{http://gnuradio.org/}},
  note = {acesso em 20 de junho de 2020}
}


@ARTICLE{Pajusco2015,
  author={P. {Pajusco} and N. {Malhouroux-Gaffet} and G. {El Zein}},
  journal={IEEE Transactions on Antennas and Propagation}, 
  title={{Comprehensive Characterization of the Double Directional UWB Residential Indoor Channel}}, 
  year={2015},
  }
%  volume={63},
% number={3},
% pages={1129-1139},
  
@INPROCEEDINGS{Muqaibel2008,
  author={A. H. {Muqaibel}},
  booktitle={2008 International Conference on Computer and Communication Engineering}, 
  title={Directional UWB channel characterization}, 
  year={2008},
  volume={},
  number={},
  pages={621-625},}

@ARTICLE{Bharadwaj2019,
  author={R. {Bharadwaj} and S. K. {Koul}},
  journal={IEEE Transactions on Antennas and Propagation}, 
  title={{Experimental Analysis of Ultra-Wideband Body-to-Body Communication Channel Characterization in an Indoor Environment}}, 
  year={2019},
  volume={67},
  number={3},
  pages={1779-1789},}

@ARTICLE{Salous2016,
  author={S. {Salous} and V. {Degli Esposti} and F. {Fuschini} and R. S. {Thomae} and R. {Mueller} and D. {Dupleich} and K. {Haneda} and J. {Molina Garcia-Pardo} and J. {Pascual Garcia} and D. P. {Gaillot} and S. {Hur} and M. {Nekovee}},
  journal={IEEE Antennas and Propagation Magazine}, 
  title={Millimeter-Wave Propagation: Characterization and modeling toward fifth-generation systems}, 
  year={2016},
  volume={58},
  number={6},
  pages={115-127},}

@INPROCEEDINGS{Vitucci2019,
  author={E. M. {Vitucci} and F. {Yu} and L. {Possenti} and M. {Zoli} and F. {Fuschini} and M. {Barbiroli} and V. {Degli-Esposti} and K. {Guan} and T. {Kürner}},
  booktitle={2019 13th EuCAP}, 
  title={{A Study on Dual-Directional mm-Wave Indoor Channel Characteristics}}, 
  year={2019},
  }
% volume={},
% number={},
% pages={1-5},

@INPROCEEDINGS{riva97,
  author={G. {Riva} and V. {Degli-Esposti} and E. {De Ponti} and L. {Ferrucci} and E. {Papa}},
  booktitle={1997 27th European Microwave Conference}, 
  title={{Characterization of mm-Wave Indoor Propagation with Directive Antennas}}, 
  year={1997},
  volume={1},
  number={},
  pages={130-134},}

@INPROCEEDINGS{Sun97,
  author={Y. {Sun} and P. {Hafezi} and A. {Nix} and M. {Beach}},
  booktitle={PIMRC '97}, 
  title={{Indoor channel characterisation measurements with directional antennas for future high frequency ATM wireless access systems}}, 
  year={1997},
}
%volume={1},
% number={},
% pages={184-188 vol.1},

% This file was created with JabRef 2.10b2.
% Encoding: UTF-8

@MastersThesis{hermano2008,
  Title                    = {Distribuições Generalziadas de Desvanecimento de Curto Prazo: Medições de Campo e Validação},
  Author                   = {Hermano Barros Tercius},
  School                   = {Universida Estadual de Campinas - Faculdade de Engenharia Elétrica e Computação},
  Year                     = {2008},
  Address                  = {Campinas},
  Type                     = {Mestrado em Engenharia Elétrica},
  Year-presented           = {2008}
}

@phdThesis{ugo2010,
  Title                    = {Distribuição de Fase e Estatísticas Correlacionadas em Ambientes sem Fio: Teoria e Validação Experimental},
  Author                   = {Ugo Silva Dias},
  School                   = {Universida Estadual de Campinas - Faculdade de Engenharia Elétrica e Computação},
  Year                     = {2010},
  Address                  = {Campinas},
  Type                     = {Doutorado em Engenharia Elétrica},
  Year-presented           = {2010}
}

@Misc{thiago2017,
  Title                    = {Caracterização de Canais sem Fio Utilizando Equipamentos de Baixo Custo},
  Author                   = {Thiago A Scher},
  Year                     = {2017}
}

@MastersThesis{jcesar2012,
  Title                    = {Caracterização de Canais sem Fio em Ambientes Generalziados de Desvacimento},
  Author                   = {Júlio César de Mello Pinheiro},
  School                   = {Universida de Brasília},
  Year                     = {2012},
  Address                  = {Brasília},
  Type                     = {Mestrado em Engenharia Elétrica},
  Year-presented           = {2012}
}

@Article{yacoub1999,
  Title                    = {On Higher Order Statistics of the Nakagami-m Distribution},
  Author                   = {Michel Daoud Yacoub and Jose Edson Vargas Bautista and Leonardo Guerra de Rezende Guedes},
  Journal                  = {IEEE Transactions on Vehicular Technology},
  Year                     = {1999},
  Number                   = {3},
  Volume                   = {48},
  Mounth                   = {Maio},
  pages                    = {791--794}
}

@Article{faihan2007,
  Title                    = {Level Crossing Rate and Average Fade Duration Calculation  Schemes Based on TETRA Recent Measurement},
  Author                   = {Faihan D. Alotaibi and Adel A. Ali},
  Journal                  = {International Conference on Communication, Computer \& Power},
  Year                     = {2007},
  Mounth                   = {Fevereiro},
}
%   pages                    = {19--21}

@Article{stephens1974,
  Title                    = {EDF Statistics for Goodness of Fit and Some Comparisons},
  Author                   = {M. A. Stephens},
  Journal                  = {Journal of the American Statistical Association},
  Year                     = {1974},
  Number                   = {347},
  Volume                   = {69},
  Mounth                   = {Setembro},
  pages                    = {730--737}
}

@Article{stephens1970,
  Title                    = {Use of the Kolmogorov-Smirnov, Cramer-Von Mises and Related Statistics Without Extensive Tables},
  Author                   = {M. A. Stephens},
  Journal                  = {Journal of the Royal Statistical Society},
  Year                     = {1970},
  Number                   = {1},
  Volume                   = {32},
  pages                    = {115--122}
}

@Misc{joao2009,
  Title                    = {Verossimilhança e Máxima Verossimilhança},
  Author                   = {João Luís F. Batista},
  Year                     = {2009}
}

@Article{delignette2015,
    title                  = {{fitdistrplus}: An {R} Package for Fitting Distributions},
    author                 = {Marie Laure Delignette-Muller and Christophe Dutang},
    journal                = {Journal of Statistical Software},
    year                   = {2015},
    volume                 = {64},
    number                 = {4},
    pages                  = {1--34},
    url                    = {http://www.jstatsoft.org/v64/i04/},
}

@Book{cramer1946,
  Title                    = {Mathematical Methods of Statistics},
  Author                   = {Harald Crámer},
  Publisher                = {S. P. Jayasinghe},
  Year                     = {1946},
}
%Edition                  = {1}

@Book{shiryayev1986,
  Title                    = {Selected Works of A. N. Kolmogorov},
  Author                   = {A. N. Shiryayév},
  Publisher                = {Nauka},
  Year                     = {1986},
}
%Edition                  = {1}

@Article{darling1957,
  Title                    = {The Kolmogorov-Smirnov, Cramér-Von Mises Tests},
  Author                   = {D. A. Darling},
  Journal                  = {The Annals of Mathematical Statistics},
  Year                     = {1957},
  Number                   = {4},
  Volume                   = {28},
  pages                    = {823--838}
}

@Article{andersondarling1952,
  Title                    = {Asymptotic Theory of Certain Goodness of Fit Criteria bades on Stochastic Processe},
  Author                   = {T. W. Anderson and D. A. Darling},
  Journal                  = {The Annals of Mathematical Statistics},
  Year                     = {1952},
  Volume                   = {23},
  pages                    = {193--212}
}

@Article{laio2004,
  Title                    = {Cramer-von Mises and Anderson-Darling goodness of fit tests for extreme value distributions with unknown parameters},
  Author                   = {Francesco Laio},
  Journal                  = {Water Resources Research},
  Year                     = {2004},
  Volume                   = {40}
}

@Article{vanessa2005,
  Title                    = {Comparação dos Testes de Aderência à Normalidade Kolmogorov-Smirnov, Anderson-Darling, Cramer-Von Mises e Shapiro-Wilk por Simulação},
  Author                   = {Vanessa Bielefeldt Leott and Alan Rodrigues Birck and João Riboldi},
  Journal                  = {11º Simpósio de Estatística Aplicada à Experimentação Agronômica},
  Year                     = {2005}
}

@MastersThesis{jose2015,
  Title                    = {Distribuições Estatísticas, Testes de Ajuste e
Métodos para Estimação de Parâmetros na Área da Fiabilidade},
  Author                   = {José Manuel Feliciano Antunes},
  School                   = {Instituto Superior de Engenharia de Lisboa},
  Year                     = {2015},
  Address                  = {Lisboa},
  Type                     = {Mestrado em Engenharia Mecânica},
  Year-presented           = {2015}
}

@Misc{r2007,
    title                  = {{R: A Language and Environment for Statistical Computing}},
    author                 = {{R Core Team}},
    organization           = {R Foundation for Statistical Computing},
    address                = {Vienna, Austria},
    year                   = {2017},
    howpublished           = {\url{https://www.R-project.org/}}
}

@Book{parsons2000,
  Title                    = {The Mobile Radio Propagation Channel},
  Author                   = {J. D. Parsons},
  Publisher                = {John Wiley \& Sons},
  Year                     = {2000},
  Edition                  = {2}
}

@Book{jakes1974,
  Title                    = {Microwave Mobile Communications},
  Author                   = {William C. Jakes},
  Publisher                = {William Perkins   },
  Year                     = {1974},
  Edition                  = {1}
}

@Book{rappaport2009,
  Title                    = {Comunicações sem Fio: Princípios e Prática},
  Author                   = {Theodore S. Rappaport},
  Publisher                = {Pearson Education do Brasil},
  Year                     = {2009},
  Edition                  = {2}
}

@Misc{gsma2017,
  Title                    = {Number of Mobile Subscribers Worldwide Hits 5 Billion},
  Author                   = {GSMA Intelligence},
  Year                     = {2017},
  howpublished             = {\url{https://www.gsma.com/newsroom/press-release/number-mobile-subscribers-worldwide-hits-5-billion/}},
  note = {acesso em 20 de junho de 2020}
}

@Manual{datatable,
    title = {data.table: Extension of `data.frame`},
    author = {Matt Dowle and Arun Srinivasan},
    year = {2018},
    note = {{R package version 1.11.8}},
    url = {https://CRAN.R-project.org/package=data.table},
}

@Manual{moments,
    title = {moments: Moments, cumulants, skewness, kurtosis and related tests},
    author = {Lukasz Komsta and Frederick Novomestky},
    year = {2015},
    note = {R package version 0.14},
    url = {https://CRAN.R-project.org/package=moments},
}

@Article{vgam,
    title = {The {VGAM} Package for Capture-Recapture Data Using the Conditional Likelihood},
    author = {Thomas W. Yee and Jakub Stoklosa and Richard M. Huggins},
    journal = {Journal of Statistical Software},
    year = {2015},
    url = {http://www.jstatsoft.org/v65/i05/},
}
%volume = {65},
%number = {5},
%pages = {1--33},


@Book{ggplot2,
    author = {Hadley Wickham},
    title = {ggplot2: Elegant Graphics for Data Analysis},
    publisher = {Springer-Verlag New York},
    year = {2016},
    isbn = {978-3-319-24277-4},
    url = {http://ggplot2.org},
}


@Misc{gnuradio,
  Title                    = {{GNU Radio - The Free \& Open Source Radio Ecosystem}},
  howpublished             = {\url{https://www.gnuradio.org/}},
  note = {acesso em 20 de junho de 2020}
}

@book{rayleigh,
  title={On the Resultant of a Large Number of Vibrations of the Same Pitch and Arbitrary Phase},
  author={Rayleigh, J.W.S.B.},
  year={1880}
}

@Article{rice,
  Title                    = {Mathematical Analysis of Random Noise},
  Author                   = {S. O. Rice},
  Journal                  = {Bell System Technical Journal},
  Year                     = {1944},
  pages                    = {282-332},
  Volume                   = {23}
}

@article{nakagami,
author = {NAKAGAMI, MINORU},
year = {1960},
month = {12},
pages = {},
title = {The m-Distribution—A General Formula of Intensity Distribution of Rapid Fading},
volume = {47},
journal = {Statistical Methods in Radio Wave Propagation},
}

@book{weibull,
  title={A Statistical Theory of the Strength of Materials},
  author={Weibull, W.},
  year={1939},
  publisher={Generalstabens litografiska anstalts f{\"o}rlag}
}

@article{chetan,
author = {Fadnis Chetan and Jain Anjana and S.V. Charhate},
year = {2014},
title = {Higher Order Statistics for discrete Weibull fading channel-An Alternate Formulation},
journal = {IEEE ICIIS},
}

@article{patzold,
author = {Matthias Pätzold and Frank Lee},
year = {1999},
month = {7},
pages = {},
title = {Level-Crossing Rate and Average Duration of Fades of Deterministic Simulation Models for Rice Fading Channels},
volume = {48},
journal = {IEEE TRANSACTIONS ON VEHICULAR TECHNOLOGY},
}

@article{mattos,
author = {Matheus de Oliveira e Mattos and Álvaro M. de Medeiros and Thiago. A. Scher and Millena M. de M. Campos and Wellerson V. de Oliveira and Vicente A. de Sousa Jr.},
year = {2018},
title = {Efeito da Presença de Pessoas em Canais sem Fios para Aplicações em Internet das Coisas},
journal = {MOMAG},
}

@Manual{anatel,
    author = {Agência Nacional de Telecomunicações. Governo Federal do Brasil (Org.)},
    title = {Faixa dos 700 MHz está liberada em todas capitais},
    year = {2018},
    note = {acesso em 20 de junho 2020},
    url = {http://www.anatel.gov.br/institucional/ultimas-noticiass/2032-faixa-dos-700-mhz-esta-liberada-em-todas-capitai},
}

@MastersThesis{elder,
  Title                    = {{Antenas de Microfita com Patch Quase-Fractal para Aplicações em Redes WPAN/WLAN}},
  Author                   = {Elder vitch Carneiro de Oliveira},
  School                   = {UFRN},
  Year                     = {2008},
  Address                  = {Natal},
  Type                     = {Mestrado em Engenharia Elétrica e Computação},
  Year-presented           = {2008}
}
%--------------------------------------------------------------------
@ARTICLE{marcos2021,
  author={I. {Marcos} and A. {Pontes Júnior}},
  journal={Revista De Engenharia E Pesquisa Aplicada}, 
  title={{Previsão do Consumo de Energia Elétrica na Região Nordeste do Brasil}}, 
  year={2021},
  volume={6},
  number={3},
  pages={21-30},}

@Misc{Kaggle2025,
  Title                    = {{Hourly Energy Consumption}},
  howpublished             = {\url{https://www.kaggle.com}},
  note = {acesso em 18 de julho de 2025}
}
@book{ynoguti2012,
  author    = {Ynoguti, Carlos Alberto},
  title     = {Probabilidade, Estatística e Processos Estocásticos},
  year      = {2012},
  note      = {Apostila da disciplina},
  publisher = {Universidade Federal de Juiz de Fora}
}

@book{leon2008,
  author    = {Leon-Garcia, Alberto},
  title     = {Probability, Statistics, and Random Processes for Electrical Engineering},
  edition   = {3},
  year      = {2008},
  publisher = {Pearson Prentice Hall},
  address   = {Upper Saddle River, NJ}
}

@book{chwif2010,
  author    = {Chwif, Leonardo and Medina, Ariosto Candido},
  title     = {Modelagem e Simulação de Eventos Discretos: Teoria e Aplicações},
  edition   = {2},
  year      = {2010},
  publisher = {Editora dos Autores},
  address   = {São Paulo}
}

@article{ljungbox1978,
  author  = {Ljung, Greta M. and Box, George E. P.},
  title   = {On a measure of lack of fit in time series models},
  journal = {Biometrika},
  volume  = {65},
  number  = {2},
  pages   = {297--303},
  year    = {1978},
  publisher = {Oxford University Press}
}
@book{nielsen2019,
  author    = {Aileen Nielsen},
  title     = {Practical Time Series Analysis: Prediction with Statistics and Machine Learning},
  year      = {2019},
  publisher = {O'Reilly Media},
  address   = {Sebastopol}
}
\bibitem{filho2025}
FILHO, G. M. da F.; SILVA, F. L. C. da; CORDEIRO, J. S.
Análise e previsão do consumo de energia elétrica do setor industrial brasileiro.
\textit{Proceeding Series of the Brazilian Society of Computational and Applied Mathematics}, v. 11, n. 1, 2025.
% SBMAC CNMAC 2024; bottom-up + ARIMA sazonal.

\bibitem{nunes2022}
NUNES, G. dos S.; MATTOS, V. L. D.; KONRATH, A. C.; NAKAMURA, L. R.; BORNIA, A. C.; THOMAZ, P. S.
Avaliação da capacidade preditiva de modelos ARIMA e VAR–VEC: o caso da demanda por energia elétrica no Rio Grande do Sul.
\textit{Exacta}, v. 20, n. 2, p. 307--335, 2022.
DOI: \url{https://doi.org/10.5585/exactaep.2021.17357}.

\bibitem{goncalves2025}
GONÇALVES, I. G.
Previsão do consumo de energia elétrica na região Sudeste: aplicação de modelos ARIMA e LSTM.
\textit{Revista Brasileira de Estudos Regionais e Urbanos}, v. 19, n. 3, p. 310--340, 2025.
DOI: \url{https://doi.org/10.54766/rberu.v19i3.1158}.

\bibitem{velasquez2013}
VELÁSQUEZ HENAO, J. D.; RUEDA MEJÍA, V. M.; FRANCO CARDONA, C. J.
Electricity demand forecasting using a SARIMA–multiplicative single neuron hybrid model.
\textit{Dyna}, v. 80, n. 180, p. 4--8, 2013.

\bibitem{dubey2021}
DUBEY, A. K.; KUMAR, A.; GARCÍA-DÍAZ, V.; SHARMA, A. K.; KANHAIYA, K.
Study and analysis of SARIMA and LSTM in forecasting time series data.
\textit{Sustainable Energy Technologies and Assessments}, v. 47, 101474, 2021.
DOI: \url{https://doi.org/10.1016/j.seta.2021.101474}.

@article{filho2025,
  author  = {Guilherme M. da F. Filho and Felipe L. C. da Silva and Josiane S. Cordeiro},
  title   = {An{\'a}lise e previs{\~a}o do consumo de energia el{\'e}trica do setor industrial brasileiro},
  journal = {Proceeding Series of the Brazilian Society of Computational and Applied Mathematics},
  volume  = {11},
  number  = {1},
  year    = {2025},
  note    = {Trabalho apresentado no XLIII CNMAC (2024)}
}

@article{nunes2022,
  author  = {G{\'e}rson dos Santos Nunes and Viviane Leite Dias de Mattos and Andr{\'e}a Cristina Konrath and Luiz Ricardo Nakamura and Ant{\^o}nio Cezar Bornia and Paulo Siga Thomaz},
  title   = {Avalia{\c{c}}{\~a}o da capacidade preditiva de modelos {ARIMA} e {VAR--VEC}: o caso da demanda por energia el{\'e}trica no Rio Grande do Sul},
  journal = {Exacta},
  year    = {2022},
  volume  = {20},
  number  = {2},
  pages   = {307--335},
  doi     = {10.5585/exactaep.2021.17357},
  url     = {https://doi.org/10.5585/exactaep.2021.17357}
}

@article{goncalves2025,
  author  = {Iago Gomes Gon{\c{c}}alves},
  title   = {Previs{\~a}o do consumo de energia el{\'e}trica na regi{\~a}o Sudeste: aplica{\c{c}}{\~a}o de modelos {ARIMA} e {LSTM}},
  journal = {Revista Brasileira de Estudos Regionais e Urbanos},
  year    = {2025},
  volume  = {19},
  number  = {3},
  pages   = {310--340},
  doi     = {10.54766/rberu.v19i3.1158},
  url     = {https://doi.org/10.54766/rberu.v19i3.1158}
}

@article{velasquez2013,
  author  = {Juan David Vel{\'a}squez Henao and Viviana Mar{\'\i}a Rueda Mej{\'\i}a and Carlos Jaime Franco Cardona},
  title   = {Electricity demand forecasting using a {SARIMA}--multiplicative single neuron hybrid model},
  journal = {Dyna},
  year    = {2013},
  volume  = {80},
  number  = {180},
  pages   = {4--8},
  issn    = {0012-7353}
}

@article{dubey2021,
  author  = {Ashutosh Kumar Dubey and Abhishek Kumar and Vicente Garc{\'\i}a-D{\'\i}az and Arpit Kumar Sharma and Kishan Kanhaiya},
  title   = {Study and analysis of {SARIMA} and {LSTM} in forecasting time series data},
  journal = {Sustainable Energy Technologies and Assessments},
  year    = {2021},
  volume  = {47},
  pages   = {101474},
  doi     = {10.1016/j.seta.2021.101474},
  url     = {https://doi.org/10.1016/j.seta.2021.101474}
}


